@Inproceedings{RelatingReasoning,
  author    = "Deng, Yuxin and Cervesato, Iliano and Simmons, Robert J.",
  year      = "2012",
  title     = "Relating Reasoning Methodologies in Linear Logic and Process Algebra",
  editor    = "Alves, Sandra and Mackie, Ian",
  booktitle = "{\rm Proceedings 2nd International Workshop on}
               Linearity,
               {\rm Tallinn, Estonia, 1 April 2012}",
  series    = "Electronic Proceedings in Theoretical Computer Science",
  volume    = "101",
  publisher = "Open Publishing Association",
  pages     = "50-60",
  doi       = "10.4204/EPTCS.101.5",
}

@inproceedings{CLF,
  author    = {Kevin Watkins and
               Iliano Cervesato and
               Frank Pfenning and
               David Walker},
  title     = {A Concurrent Logical Framework: The Propositional Fragment},
  booktitle = {TYPES},
  year      = {2003},
  pages     = {355-377},
  ee        = {http://dx.doi.org/10.1007/978-3-540-24849-1_23},
  bibsource = {DBLP, http://dblp.uni-trier.de}
}

@InProceedings{Hudak2003,  
author = "Paul Hudak and Antony Courtney and Henrik Nilsson and John Peterson",  
title = "Arrows, Robots, and Functional Reactive Programming",
booktitle = "Summer School on Advanced Functional Programming 2002, Oxford University",
year = 2003,
volume = 2638,
series = "Lecture Notes in Computer Science",
pages = "159--187",
publisher = "Springer-Verlag"}

% TODO:
% FRP
% Elm
% SAC
% Dynamic logic
% OBT talk
% pd
